@book{stanley2,
   title = "Enumerative combinatorics. Volume 2",
   author = "Stanley, Richard P.",
   series = "Cambridge studies in advanced mathematics",
   publisher = "Cambridge university press",
   address = "Cambridge, New York",
   isbn = "0-521-78987-7",
   note = "Errata et addenda : p. 583-585",
   year = 1999
}
@book{macdonald,
   title = "Symmetric functions and Hall polynomials ",
   author = "Macdonald, Ian G. ",
   publisher = "Clarendon Press",
   address = "Oxford",
   isbn = "0-19-853530-9",
   year = 1979
}
@book{fh,
  title = "Representation Theory",
  author = {William Fulton and Joe Harris},
  publisher = "Springer",
  series = "GTM 129",
  year = 1991
}
@article{marin,
  title = "Hooks generate the representation ring of the symmetric group",
  author = "Ivan Marin",
  year = 2010
}