@article{qinintegral2004,
  title="{Integral operators and integral cohomology classes of Hilbert schemes}",
  author={Zhenbo Qin and Weiqiang Wang},
  journal={Mathematische Annalen},
  year={2004},
  doi={10.1007/s00208-004-0602-6},
  url={http://dx.doi.org/10.1007/s00208-004-0602-6}
}

@ARTICLE{lehnsorger,
   author = {{Lehn}, M. and {Sorger}, C.},
    title = "{The cup product of the Hilbert scheme for K3 surfaces}",
  journal = {Inventiones Mathematicae},
   eprint = {math/0012166},
 keywords = {Algebraic Geometry, 14C05,14C1520B30, 17B68,17B69,20C05},
     year = 2003,
    month = dec,
   adsurl = {http://adsabs.harvard.edu/abs/2000math.....12166L},
  adsnote = {Provided by the SAO/NASA Astrophysics Data System}
}

@ARTICLE{BNS,
   author = {{Boissière}, S. and {Nieper-Wisskirchen}, M. and {Sarti}, A.
	},
    title = "{Smith theory and irreducible holomorphic symplectic manifolds}",
  journal = {Journal of Topology 6(2)},
   eprint = {1204.4118},
 primaryClass = "math.AG",
 keywords = {Mathematics - Algebraic Geometry},
     year = 2012,
    month = apr,
   adsurl = {http://adsabs.harvard.edu/abs/2012arXiv1204.4118B},
  adsnote = {Provided by the SAO/NASA Astrophysics Data System}
}

@ARTICLE{boissieresartiAuto,
   author = {{Boissière}, S. and {Sarti}, A.},
    title = "{A note on automorphisms and birational transformations of holomorphic symplectic manifolds}",
  journal = {ArXiv e-prints},
archivePrefix = "arXiv",
   eprint = {0905.4370},
 primaryClass = "math.AG",
 keywords = {Mathematics - Algebraic Geometry, 14C05},
     year = 2009,
    month = may,
   adsurl = {http://adsabs.harvard.edu/abs/2009arXiv0905.4370B},
  adsnote = {Provided by the SAO/NASA Astrophysics Data System}
}

@ARTICLE{sartiAutoK3,
   author = {{Garbagnati}, A. and {Sarti}, A.},
    title = "{On symplectic and non-symplectic automorphisms of K3 surfaces}",
  journal = {Revista Matematica Iberoamericana 29},
     year = 2013
}

@ARTICLE{markmanMonodromy,
   author = {{Markman}, E.},
    title = "{Integral constraints on the monodromy group of the hyperkähler resolution of a symmetric product of a K3 surface}",
  journal = {ArXiv Mathematics e-prints},
   eprint = {math/0601304},
 keywords = {Mathematics - Algebraic Geometry},
     year = 2006,
    month = jan,
   adsurl = {http://adsabs.harvard.edu/abs/2006math......1304M},
  adsnote = {Provided by the SAO/NASA Astrophysics Data System}
}

@ARTICLE{markmantorelli,
   author = {{Markman}, E.},
    title = "{A survey of Torelli and monodromy results for holomorphic-symplectic varieties}",
  journal = {ArXiv e-prints},
archivePrefix = "arXiv",
   eprint = {1101.4606},
 primaryClass = "math.AG",
 keywords = {Mathematics - Algebraic Geometry},
     year = 2011,
    month = jan,
   adsurl = {http://adsabs.harvard.edu/abs/2011arXiv1101.4606M},
  adsnote = {Provided by the SAO/NASA Astrophysics Data System}
}

@ARTICLE{markmanPoisson,
   author = {{Markman}, E.},
    title = "{Integral generators for the cohomology ring of moduli spaces of sheaves over Poisson surfaces}",
  journal = {ArXiv Mathematics e-prints},
   eprint = {math/0406016},
 keywords = {Mathematics - Algebraic Geometry},
     year = 2004,
    month = jun,
   adsurl = {http://adsabs.harvard.edu/abs/2004math......6016M},
  adsnote = {Provided by the SAO/NASA Astrophysics Data System}
}


@ARTICLE{shen,
   author = {{Shen}, M.},
    title = "{Hyperkähler manifolds of Jacobian type}",
  journal = {ArXiv e-prints},
archivePrefix = "arXiv",
   eprint = {1206.2063},
 primaryClass = "math.AG",
 keywords = {Mathematics - Algebraic Geometry, 14C30, 14E08, 14F25},
     year = 2012,
    month = jun,
   adsurl = {http://adsabs.harvard.edu/abs/2012arXiv1206.2063S},
  adsnote = {Provided by the SAO/NASA Astrophysics Data System}
}

@ARTICLE{menet,
   author = {{Menet}, G.},
    title = "{On the integer cohomology of quotients of Kähler manifolds}",
  journal = {ArXiv e-prints},
archivePrefix = "arXiv",
   eprint = {1312.1584},
 primaryClass = "math.AG",
 keywords = {Mathematics - Algebraic Geometry},
     year = 2013,
    month = dec,
   adsurl = {http://adsabs.harvard.edu/abs/2013arXiv1312.1584M},
  adsnote = {Provided by the SAO/NASA Astrophysics Data System}
}

@article{Burns1975,
author = {Dan Burns and Michael Rapoport},
journal = {Annales scientifiques de l'École Normale Supérieure},
language = {eng},
number = {2},
pages = {235-273},
publisher = {Société mathématique de France},
title = {On the Torelli problem for kählerian K-3 surfaces},
url = {http://eudml.org/doc/81956},
volume = {8},
year = {1975},
}

@article{BeauvilleRemarks,
author = {Arnaud Beauville},
title = "{Some remarks on Kähler manifolds with $c_1 = 0$}",
adsurl = {www-math.unice.fr/~beauvill/pubs/katata.pdf},
year = {1983}
}

@ARTICLE{oguiso,
   author = {{Oguiso}, Keiji},
    title = "{A remark on dynamical degrees of automorphisms of hyperkähler manifolds}",
  journal = {ArXiv e-prints},
archivePrefix = "arXiv",
   eprint = {0901.4827},
 primaryClass = "math.AG",
 keywords = {Mathematics - Algebraic Geometry, Mathematics - Dynamical Systems, 14J50, 14J28, 14J40, 37B40, 53C26},
     year = 2009,
    month = jan,
   adsurl = {http://adsabs.harvard.edu/abs/2009arXiv0901.4827O},
  adsnote = {Provided by the SAO/NASA Astrophysics Data System}
}

@ARTICLE{LiQinWangStability,
   author = {{Li}, W.-P. and {Qin}, Z. and {Wang}, W.},
    title = "{Stability of the cohomology rings of Hilbert schemes of points on surfaces}",
  journal = {arXiv Mathematics e-prints},
   eprint = {math/0107139},
 keywords = {Mathematics - Algebraic Geometry, Mathematics - Quantum Algebra},
     year = 2001,
    month = jul,
   adsurl = {http://adsabs.harvard.edu/abs/2001math......7139L},
  adsnote = {Provided by the SAO/NASA Astrophysics Data System}
}

@book{gross2003calabi,
  title={Calabi-Yau Manifolds and Related Geometries: Lectures at a Summer School in Nordfjordeid, Norway, June, 2001},
  author={Gross, M. and Huybrechts, D. and Joyce, D.},
  isbn={9783540440598},
  lccn={2002034350},
  series={Universitext (1979)},
  url={http://books.google.de/books?id=frKJmxAr2xUC},
  year={2003},
  publisher={Springer Berlin Heidelberg}
}

@ARTICLE{Zhang,
   author = {{Zhang}, L.},
    title = "{Character Formulas on Cohomology of Deformations of Hilbert Schemes of K3 Surfaces}",
  journal = {ArXiv e-prints},
archivePrefix = "arXiv",
   eprint = {1301.6129},
 primaryClass = "math.AG",
 keywords = {Mathematics - Algebraic Geometry, Mathematics - Representation Theory},
     year = 2013,
    month = jan,
   adsurl = {http://adsabs.harvard.edu/abs/2013arXiv1301.6129Z},
  adsnote = {Provided by the SAO/NASA Astrophysics Data System}
}

@book{brownGroupCoh,
  author = {Kenneth S. Brown},
  title = {Cohomology of Groups},
  publisher = {Springer},
  year = 1982,
  series = {GTM 87}
}

@book{milnor_symmetric_1973,
	address = {Berlin, New York},
	series = {Ergebnisse der Mathematik und ihrer Grenzgebiete},
	title = {Symmetric bilinear forms},
	isbn = {{038706009X}},
	lccn = {QA243 .M64},
	number = {Bd. 73},
	publisher = {Springer-Verlag},
	author = {Milnor, John W.},
	collaborator = {Husemöller, Dale},
	year = {1973},
	keywords = {Bilinear forms, Forms, Quadratic}
}

@book{fulton_riemann-roch_1985,
	address = {New York},
	series = {Grundlehren der mathematischen Wissenschaften},
	title = {Riemann-Roch algebra},
	isbn = {0387960864},
	lccn = {QA564 .F85 1985},
	number = {277},
	publisher = {Springer-Verlag},
	author = {Fulton, William},
	collaborator = {Lang, Serge},
	year = {1985},
	keywords = {Geometry, Algebraic, Riemann-Roch theorems},
	annote = {Includes index}
}
